@INPROCEEDINGS{GamingControlling, 
author={S. A. Chen and C. H. Chen and J. W. Lin and L. W. Ko and C. T. Lin}, 
booktitle={2014 IEEE International Conference on Systems, Man, and Cybernetics (SMC)}, 
title={Gaming controlling via brain-computer interface using multiple physiological signals}, 
year={2014}, 
pages={3156-3159}, 
keywords={brain-computer interfaces;computer games;electro-oculography;electroencephalography;gaze tracking;medical signal detection;physiology;signal classification;APP;EEG signals;EOG signal;application program;baseball game;brain-computer interface;brain-computer interface control;electroencephalographic signals;electrooculography signal;eye movement detection;game control;physiological signals;signal processing methods;wireless EEG signal acquisition device;wireless EEG-based BCI system;Electroencephalography;Electrooculography;Feature extraction;Games;Signal processing algorithms;Sports equipment;Wireless communication;Algorithm;Baseball;Electroencephalographic;Electrooculography;Eye movement detection;Signal processing methods;Wireless}, 
doi={10.1109/SMC.2014.6974413}, 
ISSN={1062-922X}, 
month={Oct},}

@INPROCEEDINGS{Checkers, 
author={A. Akhtar and J. J. S. Norton and M. Kasraie and T. Bretl}, 
booktitle={2014 36th Annual International Conference of the IEEE Engineering in Medicine and Biology Society}, 
title={Playing checkers with your mind: An interactive multiplayer hardware game platform for brain-computer interfaces}, 
year={2014}, 
pages={1650-1653}, 
keywords={brain-computer interfaces;computer games;light emitting diodes;robots;LED;SSVEP;checkerboard;interactive multiplayer hardware game platform;multiplayer brain- computer interface;robot arm;software-based games;steady-state visually evoked potentials;steeper viewing angle;Accuracy;Brain-computer interfaces;Games;Hardware;Light emitting diodes;Robots;Visualization}, 
doi={10.1109/EMBC.2014.6943922}, 
ISSN={1094-687X}, 
month={Aug},}

@INPROCEEDINGS{SharedRacing, 
author={D. Kim and S. B. Cho}, 
booktitle={2014 10th International Conference on Natural Computation (ICNC)}, 
title={A brain-computer interface for shared vehicle control on TORCS car racing game}, 
year={2014}, 
pages={550-555}, 
keywords={brain-computer interfaces;computer games;electroencephalography;feature extraction;medical signal processing;signal classification;spatial filters;BCI environment;CAR spatial filter method;EEG binary classification problem;EEG signal extraction;SMR;T-test;TORCS car racing game;The Open Racing Car Racing Game Simulator;brain-computer interface;intention cognition;nonspatial filter;online 3D car racing game simulator;sensorimotor rhythm;shared vehicle control system;Control systems;Electroencephalography;Games;Sparse matrices;Spatial filters;Three-dimensional displays;Vehicles;EEG;TORCS;brain-computer interface;shared vehicle contorl system}, 
doi={10.1109/ICNC.2014.6975894}, 
ISSN={2157-9555}, 
month={Aug},}

@INPROCEEDINGS{AndroidRacing, 
author={G. Wu and Z. Xie and X. Wang}, 
booktitle={2014 4th IEEE International Conference on Information Science and Technology}, 
title={Development of a mind-controlled Android racing game using a brain computer interface (BCI)}, 
year={2014}, 
pages={652-655}, 
keywords={Bluetooth;brain-computer interfaces;computer games;smart phones;Android smartphone user needs;Bluetooth BCI feedbacks;Mindset;brain computer interface;interacting game processes;mind-controlled Android 3D racing game;user experience;user mental states;Androids;Bluetooth;Games;Humanoid robots;Message systems;Payloads;Smart phones;Android smartphone;Bluetooth;Brain computer interface (BCI);control;game}, 
doi={10.1109/ICIST.2014.6920562}, 
ISSN={2164-4357}, 
month={April},}

@INPROCEEDINGS{GamingSystem, 
author={L. Po-Lei and S. Hao-Teng and C. Hsiang-Chih}, 
booktitle={2014 IEEE International Conference on Consumer Electronics - Taiwan}, 
title={Design a brain computer interface gaming system using steady-state visual evoked potential}, 
year={2014}, 
pages={5-6}, 
keywords={brain-computer interfaces;computer games;handicapped aids;user interface management systems;visual evoked potentials;BCI system;EEG equipment;LCD screen;SSVEP;brain computer interface gaming system design;claw movement control;dry-electrode IMEC headset V1 system;home facilities;mean accuracy;mean information transfer rate;paralyzed people;self-caring;steady-state visual evoked potential;virtual claw machine control;visual stimuli;Accuracy;Brain-computer interfaces;Computers;Electrodes;Electroencephalography;Headphones;Visualization}, 
doi={10.1109/ICCE-TW.2014.6904095}, 
month={May},}

@INPROCEEDINGS{Spacecraft, 
author={R. Parafita and G. Pires and U. Nunes and M. Castelo-Branco}, 
booktitle={2013 IEEE 2nd International Conference on Serious Games and Applications for Health (SeGAH)}, 
title={A spacecraft game controlled with a brain-computer interface using SSVEP with phase tagging}, 
year={2013}, 
pages={1-6}, 
keywords={brain-computer interfaces;collision avoidance;computer games;electroencephalography;neurophysiology;visual evoked potentials;EEG channel;SSVEP;brain-computer interface game;calibration time;children with Neurofibromatosis Type 1;electroencephalographic channel;flickering stimuli;narrowband frequency;neural mechanism;neurotherapy tool;phase extraction;phase tagging;space route obstacle avoidance;spacecraft game;steady state visually evoked potentials;Artificial neural networks;Atmospheric measurements;Particle measurements;BCI;Game;Neurotherapy;Phase tag;SSVEP}, 
doi={10.1109/SeGAH.2013.6665309}, 
month={May},}
